<?xml version="1.0" encoding="UTF-8"?><collection xmlns="http://www.loc.gov/MARC21/slim"><record><leader>00354nam--2200133-i-4500</leader><controlfield tag="001">000021444</controlfield><controlfield tag="002">20161230</controlfield><controlfield tag="005">20161230201034</controlfield><controlfield tag="008">060222s1000------------r-----000-0-eng-d</controlfield><datafield ind1=" " ind2=" " tag="100"><subfield code="a">Harwood, Julius</subfield></datafield><datafield ind1=" " ind2=" " tag="245"><subfield code="a">Protecting molybdenum at high tempereture</subfield></datafield><datafield ind1=" " ind2=" " tag="260"><subfield code="a">New York, Reihhold, 1956. 8p</subfield></datafield><datafield ind1=" " ind2=" " tag="490"><subfield code="a">Repr From Materials And Methods</subfield></datafield><datafield ind1=" " ind2=" " tag="852"><subfield code="a">12242</subfield></datafield></record></collection>